% This file was created with JabRef 2.6.
% Encoding: Cp1252

@BOOK{Abelson1984,
  title = {Structure and interpretation of computer programs},
  publisher = {MIT},
  year = {1984},
  author = {Abelson and Sussman and Sussman},
  owner = {YKY},
  timestamp = {2011.05.21},
  url = {http://mitpress.mit.edu/sicp/}
}

@ARTICLE{Akman1996,
  author = {Akman and Surav and Giunchiglia},
  title = {Steps toward formalizing context},
  journal = {AI magazine},
  year = {1996},
  volume = {17},
  pages = {55-72},
  owner = {yky},
  timestamp = {2009.05.28}
}

@BOOK{Baum2004,
  title = {What is thought?},
  publisher = {MIT press},
  year = {2004},
  author = {Baum},
  owner = {yky},
  timestamp = {2009.05.28}
}

@BOOK{Bergadano1996,
  title = {Inductive logic programming - from machine learning to software engineering},
  publisher = {MIT},
  year = {1996},
  author = {Bergadano and Gunetti},
  owner = {yky},
  timestamp = {2009.06.14}
}

@BOOK{Bergmann2008,
  title = {An Introduction to Many-Valued and Fuzzy Logic},
  publisher = {Cambridge university press},
  year = {2008},
  author = {Bergmann},
  owner = {YKY},
  timestamp = {2008.08.31}
}

@ARTICLE{Bier1993,
  author = {Bier},
  title = {When uncertainty is irrelevant to expected utility decision making},
  journal = {Uncertainty Modeling and Analysis, 1993. Proceedings., Second International
	Symposium on},
  year = {1993},
  pages = {401-407},
  owner = {YKY},
  timestamp = {2008.07.15}
}

@BOOK{Boole1854,
  title = {An investigation of the laws of thought, on which are founded the
	mathematical theories of logic and probabilities},
  publisher = {Walton and Maberley, London (reprint Dover, New York, 1958) },
  year = {1854},
  author = {Boole},
  owner = {YKY},
  timestamp = {2008.07.12}
}

@INCOLLECTION{Bosc1997,
  author = {Bosc and Prade},
  title = {An introduction to the fuzzy set and possibility theory-based treatment
	of flexible queries and uncertain or imprecise databases},
  booktitle = {Uncertainty in Information Systems: From needs to solutions},
  publisher = {Kluwer, Boston, MA.
	
	},
  year = {1997},
  editor = {Motro \& Smets},
  pages = {285-324},
  owner = {YKY},
  timestamp = {2008.07.12}
}

@BOOK{Brachman2004,
  title = {Knowledge representation and reasoning},
  publisher = {Morgan Kaufmann},
  year = {2004},
  author = {Brachman and Levesque}
}

@BOOK{Bratman1987,
  title = {Intentions, plans, and practical reason},
  year = {1987},
  author = {Bratman},
  owner = {yky},
  timestamp = {2009.05.25}
}

@ARTICLE{Bratman1988,
  author = {Bratman and Israel and Pollack},
  title = {Plans and resource-bounded practical reasoning},
  journal = {Computational intelligence},
  year = {1988},
  volume = {4},
  pages = {349-355},
  owner = {yky},
  timestamp = {2009.05.25}
}

@ARTICLE{Campbell1974,
  author = {Campbell},
  title = {The Sorites Paradox},
  journal = {Philosophical Studies},
  year = {1974},
  volume = {26},
  pages = {175-91},
  owner = {YKY},
  timestamp = {2008.08.24}
}

@BOOK{Chandru1999,
  title = {Optimization methods for logical inference},
  publisher = {Wiley interscience},
  year = {1999},
  author = {Chandru and Hooker},
  owner = {yky},
  timestamp = {2009.04.28}
}

@INBOOK{Chater2005,
  chapter = {15 "A minimal description length principle for perception"},
  pages = {385ff},
  title = {Advances in minimum description length},
  publisher = {MIT},
  year = {2005},
  editor = {Grunwald},
  author = {Chater},
  owner = {yky},
  timestamp = {2009.06.06}
}

@ARTICLE{Constantini2002,
  author = {Constantini},
  title = {Meta-reasoning: a survey},
  journal = {Computational logic: logic programming and beyond, LNCS},
  year = {2002},
  volume = {2408},
  pages = {65},
  owner = {yky},
  timestamp = {2009.05.28}
}

@BOOK{Cowell1999,
  title = {Probabilistic networks and expert systems},
  publisher = {Springer},
  year = {1999},
  author = {Cowell and Dawid and Lauritzen and Spiegelhalter},
  owner = {yky},
  timestamp = {2009.11.07}
}

@ARTICLE{DeRaedt2008,
  author = {De Raedt, L.},
  title = {{Logical and relational learning}},
  year = {2008},
  publisher = {Springer}
}

@ARTICLE{Domingos2008,
  author = {Domingos and Poon and Sumner},
  title = {A general method for reducing the complexity of relational inference
	and its application to MCMC},
  journal = {Proceedings of the 23th AAAI conference on AI},
  year = {2008},
  pages = {1075-1080},
  owner = {yky},
  timestamp = {2009.04.28}
}

@INCOLLECTION{Domingos2007,
  author = {Domingos and Richardson},
  title = {Markov logic: a unifying framework for statistical relational learning},
  booktitle = {Statistical relational learning},
  publisher = {MIT},
  year = {2007},
  editor = {Getoor and Taskar},
  owner = {YKY},
  timestamp = {2008.07.12}
}

@ARTICLE{Driessens2005,
  author = {Driessens, K.},
  title = {{Relational reinforcement learning}},
  journal = {AI Communications},
  year = {2005},
  volume = {18},
  pages = {71--73},
  number = {1},
  publisher = {IOS Press}
}

@BOOK{Dubois1988,
  title = {Possibility Theory: An Approach to Computerized Processing of Uncertainty},
  publisher = {Plenum Press, New York},
  year = {1988},
  author = {Dubois and Prade}
}

@ARTICLE{Dzeroski1998,
  author = {Dzeroski and de Raedt and Blockeel},
  title = {Relational reinforcement learning},
  journal = {Proceedings of the 15th international conference of machine learning},
  year = {1998},
  pages = {136-143},
  owner = {yky},
  timestamp = {2009.06.05}
}

@ARTICLE{Dzeroski2001,
  author = {Dzeroski and de Raedt and Driessens},
  title = {Relational reinforcement learning},
  journal = {Machine learning},
  year = {2001},
  volume = {43},
  pages = {7-52},
  owner = {yky},
  timestamp = {2009.06.05}
}

@ARTICLE{Edgington1992,
  author = {Edgington},
  title = {Validity, Uncertainty and Vagueness},
  journal = {Analysis},
  year = {1992},
  volume = {52},
  pages = {193-204},
  owner = {YKY},
  timestamp = {2008.08.24}
}

@ARTICLE{Fine1975,
  author = {Fine},
  title = {Vagueness, Truth and Logic},
  journal = {Synthese},
  year = {1975},
  volume = {30},
  pages = {265-300},
  comment = {reprinted in Keefe and Smith 1997, Vagueness: a reader, p119-50, MIT
	Press},
  owner = {YKY},
  timestamp = {2008.08.24}
}

@BOOK{Flach2000,
  title = {Abduction and Induction: Essays on their relation and integration},
  publisher = {Kluwer Academic Publishers},
  year = {2000},
  author = {Flach and Kakas}
}

@BOOK{Freitas2002,
  title = {Data Mining and Knowledge Discovery with Evolutionary Algorithms},
  publisher = {Springer},
  year = {2002},
  author = {Freitas},
  owner = {YKY},
  timestamp = {2008.08.31}
}

@BOOK{Garcez2009,
  title = {Neural-symbolic cognitive reasoning},
  publisher = {Springer},
  year = {2009},
  author = {Garcez and Lamb and Gabbay},
  owner = {yky},
  timestamp = {2009.04.28}
}

@BOOK{Gartner2008,
  title = {Kernels for structured data},
  publisher = {World scientific},
  year = {2008},
  author = {Gartner},
  owner = {yky},
  timestamp = {2009.05.28}
}

@ARTICLE{Getoor2001,
  author = {Getoor and Friedman and Koller and Pfeffer},
  title = {Learning probabilistic relational models},
  journal = {Journal of relational data mining},
  year = {2001},
  pages = {307-335},
  owner = {yky},
  timestamp = {2009.11.02}
}

@INCOLLECTION{Getoor2007a,
  author = {Getoor and Friedman and Koller and Pfeffer and Taskar},
  title = {Probabilistic relational models},
  booktitle = {Statistical relational learning},
  publisher = {MIT},
  year = {2007},
  owner = {YKY},
  timestamp = {2008.07.12}
}

@BOOK{Goertzel2008,
  title = {Probabilistic logic networks -- A Comprehensive Framework for Uncertain
	Inference},
  publisher = {Springer},
  year = {2008},
  author = {Goertzel and Ikle and Goertzel and Heljakka},
  owner = {YKY},
  timestamp = {2008.07.12}
}

@BOOK{Goertzel2007,
  title = {Artificial general intelligence},
  publisher = {Springer},
  year = {2007},
  author = {Goertzel and Pennachin},
  owner = {YKY},
  timestamp = {2008.07.12}
}

@BOOK{Grenander2007,
  title = {Pattern theory: from representation to inference},
  publisher = {OUP},
  year = {2007},
  author = {Grenander and Miller},
  owner = {YKY},
  timestamp = {2011.05.21}
}

@INCOLLECTION{Haddawy1994,
  author = {Haddawy},
  title = {Generating Bayesian networks from probability logic knowledge bases},
  booktitle = {Proceedings of the 10th Conference on Uncertainty in Artificial Intelligence},
  year = {1994},
  owner = {YKY},
  timestamp = {2008.07.12}
}

@INCOLLECTION{Hailperin1965,
  author = {Hailperin},
  title = {Best possible inequalities for the probability of a logical function
	of events},
  booktitle = {American Mathematical Monthly},
  year = {1965},
  volume = {72},
  pages = {343-359},
  owner = {YKY},
  timestamp = {2008.07.12}
}

@ARTICLE{Hansen2000,
  author = {Hansen and Jaumard and de Aragao and Chauny and Perron},
  title = {Probabilistic satisfiability with imprecise probabilities},
  journal = {International Journal of Approximate Reasoning},
  year = {2000},
  volume = {24},
  pages = {171-189},
  owner = {YKY},
  timestamp = {2008.07.12}
}

@BOOK{Holland1986,
  title = {Induction},
  publisher = {Mit Press Cambridge, Mass},
  year = {1986},
  author = {Holland and Holyoak and Nisbett and Thagard}
}

@ARTICLE{Jaeger1997,
  author = {Jaeger},
  title = {Relational Bayesian networks},
  journal = {Proceedings of the conference on uncertainty in artificial intelligence},
  year = {1997},
  owner = {YKY},
  timestamp = {2008.07.12}
}

@UNPUBLISHED{Jaumard2006,
  author = {Jaumard and Parreira},
  title = {An anytime deduction algorithm for the probabilistic logic and entailment
	problems},
  note = {preprint submitted to Elsevier},
  year = {2006},
  owner = {YKY},
  timestamp = {2008.07.12}
}

@BOOK{Jensen2007,
  title = {Bayesian networks and decision graphs, 2nd edition},
  publisher = {Springer},
  year = {2007},
  author = {Jensen and Nielsen},
  owner = {yky},
  timestamp = {2009.10.15}
}

@BOOK{Johnson-Laird1983,
  title = {Mental Models},
  publisher = {Harvard University Press},
  year = {1983},
  author = {Johnson-Laird},
  owner = {YKY},
  timestamp = {2008.08.31}
}

@BOOK{Keefe2000,
  title = {Theories of Vagueness},
  publisher = {Cambridge university press},
  year = {2000},
  author = {Keefe},
  owner = {YKY},
  timestamp = {2008.08.24}
}

@INBOOK{Kenevan1992,
  chapter = {A model theoretic approach to propositional fuzzy logic using Beth
	Tableaux},
  pages = {141 - 157},
  title = {Fuzzy logic for the management of uncertainty},
  publisher = {John Wiley \& Sons, Inc. New York, NY, USA},
  year = {1992},
  author = {Kenevan and Neapolitan},
  owner = {YKY},
  timestamp = {2008.08.23}
}

@INCOLLECTION{Kersting2000,
  author = {Kersting and de Raedt},
  title = {Bayesian logic programs},
  booktitle = {Work-in-progress reports of the 10th international conference on
	inductive logic programming (ILP 2000)},
  year = {2000},
  editor = {Cussens \& Frisch},
  owner = {YKY},
  timestamp = {2008.07.12},
  url = {http://SunSITE.Informatik.RWTH-Aachen.DE/Publications/CEUR-WS/Vol-35/}
}

@ARTICLE{Konstantopoulos2008,
  author = {Konstantopoulos, S. and Camacho, R. and Fonseca, N.A. and Costa,
	V.S.},
  title = {{Induction as a Search Procedure}},
  journal = {Artificial Intelligence for Advanced Problem Solving Techniques},
  year = {2008},
  pages = {166},
  publisher = {Information Science Reference}
}

@BOOK{Kruse1987,
  title = {Statistics with vague data},
  publisher = {Reidel Publishing Company},
  year = {1987},
  author = {Kruse and Meyer},
  owner = {yky},
  timestamp = {2009.10.15}
}

@BOOK{Kurzweil2005,
  title = {{The singularity is near: When humans transcend biology}},
  publisher = {Viking},
  year = {2005},
  author = {Kurzweil, R.}
}

@BOOK{Lakoff1987,
  title = {Women, Fire, and Dangerous Things - what categories reveal about
	the mind},
  publisher = {University of Chicago Press},
  year = {1987},
  author = {Lakoff},
  owner = {YKY},
  timestamp = {2008.08.25}
}

@INBOOK{Langley1993,
  chapter = {10, A unified framework for planning and learning},
  pages = {317ff},
  title = {Machine learning methods for planning},
  publisher = {Morgan Kaufmann},
  year = {1993},
  editor = {Minton},
  author = {Langley and Allen},
  owner = {yky},
  timestamp = {2009.06.05}
}

@ARTICLE{Laskey2006,
  author = {Laskey},
  title = {MEBN: a logic for open-world probabilistic reasoning},
  journal = {GMU C4I Center Technical Report C4I-06-01},
  year = {2006},
  owner = {YKY},
  timestamp = {2008.07.12}
}

@BOOK{Lavrac1994,
  title = {Inductive logic programming - techniques and applications},
  publisher = {Ellis Horwood New York (out of print but available online)},
  year = {1994},
  author = {Lavrac and Dzeroski},
  owner = {yky},
  timestamp = {2009.06.17}
}

@BOOK{Lloyd2003,
  title = {Logic for learning},
  publisher = {Springer},
  year = {2003},
  author = {Lloyd},
  owner = {yky},
  timestamp = {2009.05.28}
}

@BOOK{Luger2009,
  title = {Artificial intelligence: structures and strategies for complex problem
	solving},
  publisher = {Pearson Education},
  year = {2009},
  author = {Luger},
  owner = {yky},
  timestamp = {2009.11.02}
}

@BOOK{MacKay2003,
  title = {Information theory, inference, and learning algorithms},
  publisher = {Cambridge},
  year = {2003},
  author = {MacKay},
  owner = {yky},
  timestamp = {2009.06.06}
}

@INCOLLECTION{Milch2007,
  author = {Milch and Marthi and Russell and Sontag and Ong and Kolobov},
  title = {BLOG: probabilistic models with unknown objects},
  booktitle = {Statistical relational learning},
  publisher = {MIT},
  year = {2007},
  owner = {YKY},
  timestamp = {2008.07.12}
}

@INCOLLECTION{Muggleton1996,
  author = {Muggleton},
  title = {Stochastic logic programs},
  booktitle = {Advances in inductive logic programming},
  publisher = {IOS Press, Amsterdam},
  year = {1996},
  editor = {de Raedt},
  pages = {254-264},
  owner = {YKY},
  timestamp = {2008.07.12},
  url = {http://www.doc.ic.ac.uk/~shm/Papers/slp.pdf }
}

@ARTICLE{Muggleton2005,
  author = {Muggleton and Lodhi and Amini and Sternberg},
  title = {Support vector inductive logic programming},
  journal = {Discovery science, LNCS},
  year = {2005},
  volume = {3735},
  pages = {163-175},
  owner = {yky},
  timestamp = {2009.05.28}
}

@INBOOK{Muresan2004,
  pages = {1-18},
  title = {Scale Independence in the Visual System},
  publisher = {Springer},
  year = {2004},
  editor = {Rajapakse and Wang},
  author = {Muresan},
  journal = {Neural Information Processing: Research and Development},
  owner = {YKY},
  timestamp = {2008.09.06},
  url = {http://www.raulmuresan.ro/Papers/MuresanSpringer.pdf}
}

@BOOK{Murphy2002,
  title = {The Big Book of Concepts},
  publisher = {MIT press},
  year = {2002},
  author = {Murphy},
  owner = {YKY},
  timestamp = {2008.08.25}
}

@ARTICLE{Murphy1985,
  author = {Murphy and Medin},
  title = {The role of theories in conceptual coherence},
  journal = {Psychological review},
  year = {1985},
  volume = {92(3)},
  pages = {289-316},
  owner = {YKY},
  timestamp = {2008.08.21}
}

@BOOK{Neapolitan2004,
  title = {Learning Bayesian networks},
  publisher = {Prentice Hall},
  year = {2004},
  author = {Neapolitan},
  owner = {YKY},
  timestamp = {2008.07.12}
}

@ARTICLE{Newell1960,
  author = {Newell and Shaw and Simon},
  title = {Report on a general problem solving program for a computer},
  journal = {Proceedings of the international conference on information processing},
  year = {1960},
  pages = {256-264},
  owner = {yky},
  timestamp = {2009.06.05}
}

@ARTICLE{Ng2009,
  author = {Ng and Lloyd},
  title = {Probabilistic reasoning in a classical logic},
  journal = {Journal of applied logic},
  year = {2009},
  volume = {7-2},
  pages = {218-238},
  doi = {doi:10.1016/j.physletb.2003.10.071},
  owner = {yky},
  timestamp = {2009.11.07}
}

@ARTICLE{Ng1992,
  author = {Ng and Subrahmanian},
  title = {Probabilistic logic programming},
  journal = {Information and computation},
  year = {1992},
  volume = {101},
  pages = {150-201},
  number = {2},
  owner = {YKY},
  timestamp = {2008.07.12}
}

@BOOK{Nguyen199720002006,
  title = {A first course in fuzzy logic (1st, 2nd, and 3rd edition)},
  publisher = {Chapman \& Hall /CRC},
  year = {1997, 2000, 2006},
  author = {Nguyen and Walker},
  owner = {yky},
  timestamp = {2009.10.19}
}

@BOOK{Nienhuys-Cheng1997,
  title = {{Foundations of inductive logic programming}},
  publisher = {Springer},
  year = {1997},
  author = {Nienhuys-Cheng, S.H. and De Wolf, R.}
}

@ARTICLE{Nilsson1986,
  author = {Nilsson},
  title = {Probabilistic logic},
  journal = {Artificial Intelligence},
  year = {1986},
  volume = {28},
  pages = {71-87},
  number = {1},
  owner = {YKY},
  timestamp = {2008.07.12}
}

@BOOK{Novak1999,
  title = {Mathematical principles of fuzzy logic},
  publisher = {Kluwer Academic Press},
  year = {1999},
  author = {Novak and Perfilieva and Mockor},
  owner = {yky},
  timestamp = {2009.10.19}
}

@BOOK{Parsons2001,
  title = {Qualitative methods for reasoning under uncertainty},
  publisher = {MIT},
  year = {2001},
  author = {Parsons},
  owner = {YKY},
  timestamp = {2008.07.12}
}

@BOOK{Pearl2000,
  title = {Causality: models, reasoning, and inference},
  publisher = {Cambridge},
  year = {2000},
  author = {Pearl},
  owner = {yky},
  timestamp = {2009.11.16}
}

@BOOK{Pearl1988,
  title = {Probabilistic Reasoning in Intelligent Systems - Networks of Plausible
	Inference},
  publisher = {Morgan Kaufmann, California},
  year = {1988},
  author = {Pearl},
  owner = {YKY},
  timestamp = {2008.07.12}
}

@ARTICLE{Perlis1996,
  author = {Perlis and Purang},
  title = {Conversational Adequacy: Mistakes are the Essence},
  journal = {Int. J. Human-Computer Studies},
  year = {1996},
  volume = {48},
  pages = {553--575}
}

@ARTICLE{Pless2001,
  author = {Pless and Luger},
  title = {Towards general analysis of recursive probabilistic models},
  journal = {Proceedings of conference of uncertainty in aritificial intelligence
	(San Francisco)},
  year = {2001},
  owner = {yky},
  timestamp = {2009.11.02}
}

@BOOK{Pollock2006,
  title = {Thinking about acting},
  publisher = {OUP},
  year = {2006},
  author = {Pollock},
  owner = {yky},
  timestamp = {2009.06.19}
}

@ARTICLE{DeRaedt2004,
  author = {De Raedt and Kersting},
  title = {{Probabilistic inductive logic programming}},
  journal = {Lecture notes in computer science},
  year = {2004},
  pages = {19--36},
  publisher = {Springer}
}

@BOOK{Read1995,
  title = {Thinking about logic -- an introduction to the philosophy of logic},
  publisher = {OPUS},
  year = {1995},
  author = {Read},
  owner = {yky},
  timestamp = {2009.10.15}
}

@ARTICLE{Richardson2006,
  author = {Richardson and Domingos},
  title = {Markov logic networks},
  journal = {Journal of machine learning},
  year = {2006},
  volume = {62},
  pages = {107-136},
  owner = {yky},
  timestamp = {2009.11.02}
}

@BOOK{Russell2003,
  title = {Artificial Intelligence - a modern approach},
  publisher = {Prentice Hall},
  year = {2003},
  author = {Russell and Norvig},
  owner = {YKY},
  timestamp = {2008.09.05}
}

@ARTICLE{Sainsbury1986,
  author = {Sainsbury},
  title = {Degrees of belief and degrees of truth},
  journal = {Philosophical Papers},
  year = {1986},
  volume = {15},
  pages = {97-106},
  owner = {YKY},
  timestamp = {2008.08.24}
}

@ARTICLE{Sato1997,
  author = {Sato and Kameya},
  title = {PRISM: A Language for Symbolic-Statistical Modeling},
  journal = {IJCAI},
  year = {1997},
  pages = {1330-1339},
  owner = {YKY},
  timestamp = {2008.07.12},
  url = {http://sato-www.cs.titech.ac.jp/prism/}
}

@BOOK{Schmid2003,
  title = {Inductive synthesis of functional programs},
  publisher = {Springer},
  year = {2003},
  author = {Schmid},
  owner = {yky},
  timestamp = {2009.06.13}
}

@BOOK{Shafer1996,
  title = {The art of causal conjecture},
  publisher = {MIT},
  year = {1996},
  author = {Shafer},
  owner = {yky},
  timestamp = {2009.11.16}
}

@BOOK{Shapiro2006,
  title = {Vagueness in Context},
  publisher = {Oxford university press},
  year = {2006},
  author = {Shapiro},
  owner = {YKY},
  timestamp = {2008.08.24}
}

@ARTICLE{Shenoy2005,
  author = {Shenoy and Cobb},
  title = {Modeling Nonlinear Deterministic Relationships in Bayesian Networks},
  journal = {Working paper no.310, April 2005, School of Business, Univ of Kansas},
  year = {2005},
  owner = {yky},
  timestamp = {2009.10.15},
  url = {http://web.ku.edu/~pshenoy/Papers/WP310.pdf}
}

@BOOK{Smith2008,
  title = {Vagueness and degrees of truth},
  publisher = {Oxford},
  year = {2008},
  author = {Smith},
  owner = {yky},
  timestamp = {2009.10.15}
}

@BOOK{Sowa2000,
  title = {Knowledge representation - logical, philosophical, and computational
	foundations},
  publisher = {Brooks/Cole},
  year = {2000},
  author = {Sowa},
  owner = {yky},
  timestamp = {2009.06.05}
}

@ARTICLE{Stickel1988,
  author = {Stickel},
  title = {A Prolog technology theorem prover: implementation by an extended
	Prolog compiler},
  journal = {Journal of Automated Reasoning},
  year = {1988},
  volume = {4:4},
  pages = {353-380},
  owner = {YKY},
  timestamp = {2008.08.22},
  url = {http://www.ai.sri.com/~stickel/pttp.html}
}

@BOOK{Streicher2006,
  title = {Domain-theoretical foundations of functional programming},
  publisher = {World Scientific},
  year = {2006},
  author = {Streicher},
  owner = {YKY},
  timestamp = {2011.05.21}
}

@ARTICLE{Sundgren2006,
  author = {Sundgren and Danielson and Ekenberg},
  title = {Some Second Order Effects on Interval Based Probabilities},
  year = {2006},
  pages = {848-853},
  bibsource = {DBLP, http://dblp.uni-trier.de},
  booktitle = {FLAIRS Conference}
}

@CONFERENCE{Tadepalli2004,
  author = {Tadepalli, P. and Givan, R. and Driessens, K.},
  title = {Relational reinforcement learning: An overview},
  booktitle = {Proceedings of the ICML},
  year = {2004},
  volume = {4},
  pages = {1--9}
}

@BOOK{Thornton2000,
  title = {Truth from trash --- how learning makes sense},
  publisher = {MIT},
  year = {2000},
  author = {Thornton},
  owner = {YKY},
  timestamp = {2008.07.12}
}

@ARTICLE{Thornton1996,
  author = {Thornton},
  title = {Parity: the problem that won't go away},
  journal = {McCalla (Ed.), Proceeding of AI-96 (Toronto, Canada)},
  year = {1996},
  pages = {362-374},
  owner = {YKY},
  timestamp = {2008.08.13},
  url = {http://www.cogs.susx.ac.uk/users/christ/papers/parity-here-to-stay.pdf}
}

@BOOK{Walley1991,
  title = {Statistical reasoning with imprecise probabilities},
  publisher = {Chapman and Hall},
  year = {1991},
  author = {Walley},
  owner = {YKY},
  timestamp = {2008.07.14}
}

@BOOK{Wang2006,
  title = {Rigid Flexibility - The Logic of Intelligence},
  publisher = {Springer applied logic series},
  year = {2006},
  author = {Wang},
  owner = {YKY},
  timestamp = {2008.07.12}
}

@ARTICLE{Wang1994,
  author = {Wang},
  title = {Reference Classes and Multiple Inheritances},
  journal = {Technical Report No. 91, The Center for Research on Concepts and
	Cognition},
  year = {1994},
  owner = {YKY},
  timestamp = {2008.08.22},
  url = {http://www.cogsci.indiana.edu/farg/peiwang/papers.html#reference_classes}
}

@ARTICLE{Wellman1992,
  author = {Wellman and Breese and Goldman},
  title = {From knowledge bases to decision models},
  journal = {Knowledge Engineering Review},
  year = {1992},
  volume = {7},
  pages = {35-53 },
  number = {1},
  owner = {YKY},
  timestamp = {2008.07.12}
}

@OTHER{Wikipedia2008,
  author = {Wikipedia},
  comment = {article: "Integration by Substitution"},
  owner = {YKY},
  timestamp = {2008.08.21},
  url = {http://en.wikipedia.org/w/index.php?title=Integration_by_substitution&oldid=220988927},
  year = {2008}
}

@BOOK{Williamson2005,
  title = {Bayesian nets and causality},
  publisher = {Oxford},
  year = {2005},
  author = {Williamson},
  owner = {yky},
  timestamp = {2009.11.16}
}

@BOOK{Williamson1994,
  title = {Vagueness},
  publisher = {London: Routledge},
  year = {1994},
  author = {Williamson},
  owner = {YKY},
  timestamp = {2008.08.24}
}

@BOOK{Wrobel1994,
  title = {Concept formation and knowledge revision},
  publisher = {Kluwer academic press},
  year = {1994},
  author = {Wrobel},
  owner = {YKY},
  timestamp = {2008.08.21}
}

@BOOK{Yan2010,
  title = {Genifer -- an artificial general intelligence},
  publisher = {http://launchpad.net/agi-book (currently electronic version only)},
  year = {2010},
  author = {Yan},
  owner = {yky},
  timestamp = {2009.10.15},
  url = {http://launchpad.net/agi-book}
}

@ARTICLE{Zabell1982,
  author = {Zabell},
  title = {WE Johnson's 'Sufficientness' Postulate},
  journal = {The annals of statistics},
  year = {1982},
  volume = {10:4},
  owner = {YKY},
  timestamp = {2008.07.12}
}

@ARTICLE{Zadeh1996,
  author = {Zadeh},
  title = {``Fuzzy logic = computing with words''},
  journal = {IEEE Transactions on Fuzzy Systems},
  year = {1996},
  volume = {4},
  pages = {103-111},
  owner = {YKY},
  timestamp = {2008.07.12}
}

@ARTICLE{Zadeh1965,
  author = {Zadeh},
  title = {Fuzzy sets},
  journal = {Information and control},
  year = {1965},
  volume = {8},
  pages = {338-353},
  owner = {YKY},
  timestamp = {2008.07.14}
}

@BOOK{Bonzon2000,
  title = {Formal aspects of context},
  publisher = {Kluwer},
  year = {2000},
  editor = {Bonzon and Cavalcanti and Nossum},
  owner = {yky},
  timestamp = {2009.06.19}
}

@BOOK{Cohen2005,
  title = {Handbook of categorization in cognitive science},
  publisher = {Elsevier},
  year = {2005},
  editor = {Cohen and Lefebvre},
  owner = {YKY},
  timestamp = {2008.08.25}
}

@BOOK{Getoor2007,
  title = {Introduction to statistical relational learning},
  publisher = {MIT Press},
  year = {2007},
  editor = {Getoor and Taskar}
}

@BOOK{Graff2002,
  title = {Vagueness},
  publisher = {Ashgate, Dartmouth},
  year = {2002},
  editor = {Graff and Williamson},
  owner = {YKY},
  timestamp = {2008.08.24}
}

@BOOK{Hammer2007,
  title = {Perspectives of neural-symbolic integration},
  publisher = {Springer},
  year = {2007},
  editor = {Hammer and Hitzler},
  owner = {yky},
  timestamp = {2009.06.20}
}

@BOOK{Margolis1999,
  title = {Concepts - core readings},
  publisher = {MIT press},
  year = {1999},
  editor = {Margolis and Laurence},
  owner = {YKY},
  timestamp = {2008.08.25}
}

@BOOK{Muggleton1992,
  title = {Inductive Logic Programming. Number 38 in APIC series},
  publisher = {Academic Press, London},
  year = {1992},
  editor = {Muggleton}
}

@BOOK{Nakamura1993,
  title = {Categorization by humans and machines},
  publisher = {Academic Press},
  year = {1993},
  editor = {Nakamura and Medin and Taraban},
  series = {The psychology of learning and motivation, no 29},
  owner = {YKY},
  timestamp = {2008.08.25}
}

@BOOK{Raedt2008,
  title = {Probabilistic Inductive Logic Programming. LNCS (LNAI), vol. 4911},
  publisher = {Springer, Heidelberg},
  year = {2008},
  editor = {De Raedt and Frasconi and Kersting and Muggleton}
}

@comment{jabref-meta: selector_publisher:}

@comment{jabref-meta: selector_author:}

@comment{jabref-meta: selector_journal:}

@comment{jabref-meta: selector_keywords:}

